% Aqui são colocados os BibTeX para serem referenciados

% Ferramentas como o Google Scholar (Google Acadêmico) geram referências no formato BibTeX. Basta clicar em "Citar" em um item qualquer e depois em BibTeX. Aí é só copiar e colar aqui

@book{lange1998programming, % Identificador da referência
  title={Programming and Deploying Java Mobile Agents Aglets},
  author={Lange, Danny B and Mitsuru, Oshima},
  year={1998},
  publisher={Addison-Wesley Longman Publishing Co., Inc.}
}